@inproceedings{raabe2005ambiente,
    title={Um ambiente para atendimento as dificuldades de aprendizagem de algoritmos},
    author={Raabe, André Luís Alice and Silva, JMC da},
    booktitle={XIII Workshop de Educa{\c{c}}{\~a}o em Computa{\c{c}}{\~a}o (WEI’2005). S{\~a}o Leopoldo, RS, Brasil},
    volume={3},
    number={5},
    year={2005},
    organization={sn}
}
@article{lima2022avaliaccao,
    title={Avalia{\c{c}}{\~a}o da aprendizagem nos Institutos Federais 
    em Goi{\'a}s durante a pandemia: uma investiga{\c{c}}{\~a}o 
    documental},
    author={Lima, Niele Alves and others},
    year={2022},
    publisher={Insitituto Federal de Educa{\c{c}}{\~a}o, Ci{\^e}ncia e 
    Tecnologia de Goi{\'a}s}
}

@manual{IFAM2020,
    author    = {Instituto Federal de Educa{\c{c}}{\~a}o, 
    Ci{\^e}ncia e Tecnologia do Amazonas},
    year      = {2020},
    title     = {Projeto Pedagógico do Curso Técnico de Nível 
    Médio em Informática, na Forma Subsequente},
    address   = {Boca do Acre},
    publisher = {IFAM},
    url       = 
    {https:cbda.ifam.edu.br/cursos/subsequentes/info/ppc-info-subse
    quente.pdf},
    urldate   = {2024-05-14}
}
@article{rice1983use,
  title={The use of computer-monitored data in information science and communication research},
  author={Rice, Ronald E and Borgman, Christine L},
  journal={Journal of the American Society for Information Science},
  volume={34},
  number={4},
  pages={247--256},
  year={1983},
  publisher={Wiley Online Library}
}

@phdthesis{russo2015towards,
    title={Towards a data-driven analysis of programming tutorials' telemetry to improve the educational experience in introductory programming courses},
    author={Russo Kennedy, Anna},
    publisher = {University of Victoria},
    year={2015}
}
@article{de2022software,
  title={Software quality metrics in the automatic evaluation of Python introductory programming: M{\'e}tricas de qualidade de software na avalia{\c{c}}{\~a}o autom{\'a}tica da programa{\c{c}}{\~a}o introdut{\'o}ria Python},
  author={de Barros Reis, Andrew Nunes and Neto, Silv{\'e}rio Sirotheau Corr{\^e}a and Favero, Eloi Luiz and dos Santos, Jo{\~a}o Carlos Alves and da Silva, Pollianni Le{\~a}o and da Silva Moura, Thiago Rafael},
  journal={Brazilian Applied Science Review},
  volume={6},
  number={5},
  pages={14087--14100},
  year={2022}
}

@article{effenberger2019difficulty,
  title={Difficulty and complexity of introductory programming problems},
  author={Effenberger, Tom{\'a}{\v{s}} and Cech{\'a}k, Jaroslav and Pel{\'a}nek, Radek},
  journal={Educational Data Mining in Computer Science Education (CSEDM)},
  year={2019}
}

@article{hevner2004design,
    title={Design science in information systems research},
    author={Hevner, Alan R and March, Salvatore T and Park, Jinsoo and Ram, Sudha},
    journal={MIS quarterly},
    pages={75--105},
    year={2004},
    publisher={JSTOR}
}
@article{kitchenham2004procedures,
  title={Procedures for performing systematic reviews},
  author={Kitchenham, Barbara},
  journal={Keele, UK, Keele University},
  volume={33},
  number={2004},
  pages={1--26},
  year={2004}
}

@article{page2021prisma,
  title={The PRISMA 2020 statement: an updated guideline for reporting systematic reviews},
  author={Page, Matthew J and McKenzie, Joanne E and Bossuyt, Patrick M and Boutron, Isabelle and Hoffmann, Tammy C and Mulrow, Cynthia D and Shamseer, Larissa and Tetzlaff, Jennifer M and Akl, Elie A and Brennan, Sue E and others},
  journal={Systematic reviews},
  volume={10},
  number={1},
  pages={1--11},
  year={2021},
  publisher={Springer}
}
@article{peffers2007design,
    title={A design science research methodology for information systems research},
    author={Peffers, Ken and Tuunanen, Tuure and Rothenberger, Marcus A and Chatterjee, Samir},
    journal={Journal of management information systems},
    volume={24},
    number={3},
    pages={45--77},
    year={2007},
    publisher={Taylor \& Francis}
}

@inproceedings{yang2021interview,
  title={An interview study of how developers use execution logs in embedded software engineering},
  author={Yang, Nan and Cuijpers, Pieter and Schiffelers, Ramon and Lukkien, Johan and Serebrenik, Alexander},
  booktitle={2021 IEEE/ACM 43rd International Conference on Software Engineering: Software Engineering in Practice (ICSE-SEIP)},
  pages={61--70},
  year={2021},
  organization={IEEE}
}


@inproceedings{annamaa2015introducing,
    title={Introducing Thonny, a Python IDE for learning programming},
    author={Annamaa, Aivar},
    booktitle={Proceedings of the 15th koli calling conference on computing education research},
    pages={117--121},
    year={2015}
}
@inproceedings{arabyarmohamady2012coding,
    title={A coding style-based plagiarism detection},
    author={Arabyarmohamady, S and Moradi, Hadi and Asadpour, Masoud},
    booktitle={Proceedings of 2012 International Conference on Interactive Mobile and Computer Aided Learning (IMCL)},
    pages={180--186},
    year={2012},
    organization={IEEE}
}
@inproceedings{arguson2022analysis,
    title={Analysis of C Programming Performance: A correlational study of novice programmers’ compiler error logs},
    author={Arguson, Angelo and Malasaga, Elisa and Aquino, Anthony and Cheng, Reginald and Ambat, Shaneth and Tejuco, Hadji},
    booktitle={2022 IEEE 14th International Conference on Humanoid, Nanotechnology, Information Technology, Communication and Control, Environment, and Management (HNICEM)},
    pages={1--5},
    year={2022},
    organization={IEEE}
}
@article{liu2018user,
  title={User behavior discovery from low-level software execution log},
  author={Liu, Cong and Wang, Shi and Gao, Shangce and Zhang, Feng and Cheng, Jiujun},
  journal={IEEJ Transactions on Electrical and Electronic Engineering},
  volume={13},
  number={11},
  pages={1624--1632},
  year={2018},
  publisher={Wiley Online Library}
}
@inproceedings{annamaa2015thonny,
  title={Thonny, a Python IDE for learning programming},
  author={Annamaa, Aivar},
  booktitle={Proceedings of the 2015 ACM Conference on Innovation and Technology in Computer Science Education},
  pages={343--343},
  year={2015}
}
@inproceedings{liz2022lms,
    title={Lms logs and student performance: The influence of retaking a course},
    author={Liz-Dom{\'\i}nguez, Mart{\'\i}n and Llamas-Nistal, Mart{\'\i}n and Caeiro-Rodr{\'\i}guez, Manuel and Mikic-Fonte, Fernando},
    booktitle={2022 IEEE Global Engineering Education Conference (EDUCON)},
    pages={1970--1974},
    year={2022},
    organization={IEEE}
}
@article{candido_log-based_2021,
    title = {Log-based software monitoring: a systematic mapping study},
    author = {Cândido, Jeanderson and Aniche, Maurício and Van Deursen, Arie},
    journal = {PeerJ Computer Science},
    keywords = {Logging practices, Log infrastructure, Log analysis, DevOps	Monitoring},
    year = {2021},
    volume = {7},
    copyright = {https://creativecommons.org/licenses/by/4.0/},
    issn = {2376-5992},
    shorttitle = {Log-based software monitoring},
    url = {https://peerj.com/articles/cs-489},
    doi = {10.7717/peerj-cs.489},
    language = {en},
    urldate = {2024-08-29},
    pages = {e489}
}
@article{clemente2008arquitetura,
    title={Uma arquitetura para processamento de eventos de log em tempo real},
    author={Clemente, Ricardo Gomes},
    journal={Agosto de},
    year={2008}
}
@article{da2022slim,
    title={SLIM: a process for analyzing learners’ behavior and discourse within large online communities},
    author={da Silva, Rog{\'e}rio Ferreira},
    journal={Revista Brasileira de Inform{\'a}tica na Educa{\c{c}}{\~a}o},
    volume={30},
    pages={573--597},
    year={2022}
}
@inproceedings{du2005learning,
  title={Learning with weblogs: An empirical investigation},
  author={Du, Helen S and Wagner, Christian},
  booktitle={Proceedings of the 38th Annual Hawaii International Conference on System Sciences},
  pages={7b--7b},
  year={2005},
  organization={IEEE}
}
@inproceedings{fu_where_2014,
    title = {Where do developers log? an empirical study on logging practices in industry},
    author = {Fu, Qiang and Zhu, Jieming and Hu, Wenlu and Lou, Jian-Guang and Ding, Rui and Lin, Qingwei and Zhang, Dongmei and Xie, Tao},
    publisher = {ACM},
    keywords = {Logging practice, automatic logging, developer survey},
    year = {2014},
    isbn = {978-1-4503-2768-8},
    shorttitle = {Where do developers log?},
    url = {https://dl.acm.org/doi/10.1145/2591062.2591175},
    doi = {10.1145/2591062.2591175},
    language = {en},
    urldate = {2024-08-29},
    booktitle = {Companion Proceedings of the 36th International Conference on Software Engineering},
    address = {Hyderabad India},
    month = may,
    pages = {24--33}
}

@Inbook{Gatev2021,
    author="Gatev, Radoslav",
    title="Observability: Logs, Metrics, and Traces",
    bookTitle="Introducing Distributed Application Runtime (Dapr): Simplifying Microservices Applications Development Through Proven and Reusable Patterns and Practices ",
    year="2021",
    publisher="Apress",
    address="Berkeley, CA",
    pages="233--252",
    abstract="Knowing what happens inside a system while it is running is beneficial for debugging, maintenance, and analysis purposes. In this chapter, we will explore the three pillars of observability -- logs, metrics, and traces. You will learn what they are, how they are used, and what are the differences between them. After that, we will explore how Dapr allows you to put the telemetry data into practice by mostly leveraging the open standards such as the OpenTelemetry project. Then you will understand how to use various monitoring systems to collect, analyze, and visualize the information coming from Dapr and your applications.",
    isbn="978-1-4842-6998-5",
    doi="10.1007/978-1-4842-6998-5_12",
    url="https://doi.org/10.1007/978-1-4842-6998-5_12"
}

@article{gu2022logging,
    title={Logging practices in software engineering: A systematic mapping study},
    author={Gu, Shenghui and Rong, Guoping and Zhang, He and Shen, Haifeng},
    journal={IEEE Transactions on Software Engineering},
    keywords = {Logging practices, log, empirical study,systematic mapping},
    year={2022},
    volume={49},
    number={2},
    pages={902--923},
    publisher={IEEE}
}

@inproceedings{gupta2024identification,
    title={Identification of Student Programming Patterns through Clickstream Data},
    author={Gupta, Anika and Jindal, Mani and Goyal, Ankush},
    organization={IEEE},
    keywords = {computer programming, student programming patterns,	educational data mining	clustering, regression},
    year={2024},
    booktitle={2024 IEEE International Conference on Computing, Power and Communication Technologies (IC2PCT)},
    volume={5},
    pages={1153--1158},
}
@article{huang2020predicting,
  title={Predicting students’ academic performance by using educational big data and learning analytics: evaluation of classification methods and learning logs},
  author={Huang, Anna YQ and Lu, Owen HT and Huang, Jeff CH and Yin, CJ and Yang, Stephen JH},
  journal={Interactive Learning Environments},
  volume={28},
  number={2},
  pages={206--230},
  year={2020},
  publisher={Taylor \& Francis}
}
@article{leffingwell2002role,
  title={The role of requirements traceability in system development},
  author={Leffingwell, Dean and Widrig, Don},
  journal={The Rational Edge},
  volume={2},
  year={2002},
  publisher={Citeseer}
}

@article{liang_learning_2021,
    title = {Learning log-based automatic group formation: system design and classroom implementation study},
    author = {Liang, Changhao and Majumdar, Rwitajit and Ogata, Hiroaki},	
    journal = {RPTEL},
    keywords = {Group formation, Computer-Supported Collaborative Learning (CSCL), group work evaluation},
    year = {2021},
    volume = {16},
    issn = {1793-7078},
    shorttitle = {Learning log-based automatic group formation},
    url = {https://telrp.springeropen.com/articles/10.1186/s41039-021-00156-w},
    doi = {10.1186/s41039-021-00156-w},
    language = {en},
    number = {1},
    urldate = {2024-08-29},	
    month = dec,
    pages = {14}
}

@MISC{theLinuxFoundation-2024,
    title        = "The Linux Foundation",
    author = {Linux Foundation},
    booktitle    = "Linuxfoundation.org",
    howpublished = "\url{https://trainingportal.linuxfoundation.org/learn/course/getting-started-with-opentelemetry-lfs148/why-do-we-need-opentelemetry/how-we-got-here?page=5}",
    note         = "Accessed: 2024-12-3",
    language     = "en"
}

@article{mangaroska_exploring_2022,
    title = {Exploring students' cognitive and affective states during problem solving through multimodal data: {Lessons} learned from a programming activity},
    author = {Mangaroska, Katerina and Sharma, Kshitij and Gašević, Dragan and Giannakos, Michail},
    journal = {Computer Assisted Learning},
    keywords = {code-debugging task, cognitive-affective states, higher education, multimodal data, multimodal learning analytics},	
    year = {2022},
    volume = {38},
    issn = {0266-4909, 1365-2729},
    shorttitle = {Exploring students cognitive and affective states during problem solving through multimodal data},
    url = {https://onlinelibrary.wiley.com/doi/10.1111/jcal.12590},
    doi = {10.1111/jcal.12590},
    language = {en},
    number = {1},
    urldate = {2024-08-29},
    month = feb,	
    pages = {40--59}
}

@article{nguyen_analyzing_2023,
    title = {ANALYZING GIT LOG IN AN CODE-QUALITY AWARE AUTOMATED PROGRAMMING ASSESSMENT SYSTEM: A CASE STUDY},
    author = {Nguyen, Bao-An and Ha, Thuy-Vi Thi and Chen, Hsi-Min},
    journal = {tvujs},
    keywords = {APAS, code quality, data analytics,	programming education},
    year = {2023},
    issn = {2815-6099, 2815-6072},
    url = {https://journal.tvu.edu.vn/index.php/journal/article/view/2430},
    doi = {10.35382/tvujs.13.3.2023.2430},
    urldate = {2024-08-29},
    month = sep	
}

@article{pereira2020using,
    title={Using learning analytics in the Amazonas: understanding students’ behaviour in introductory programming},
    author={Pereira, Filipe D and Oliveira, Elaine HT and Oliveira, David BF and Cristea, Alexandra I and Carvalho, Leandro SG and Fonseca, Samuel C and Toda, Armando and Isotani, Seiji},
    journal={British journal of educational technology},
    keywords =  {analytics	keystrokes, introductory programming, logs, online judge},
    year={2020},	
    volume={51},
    number={4},
    pages={955--972},
    publisher={Wiley Online Library}
}
@article{qian2017students,
    title={Students’ misconceptions and other difficulties in introductory programming: A literature review},
    author={Qian, Yizhou and Lehman, James},
    journal={ACM Transactions on Computing Education (TOCE)},
    volume={18},
    number={1},
    pages={1--24},
    year={2017},
    publisher={ACM New York, NY, USA}
}

@article{rodriguesuniversidades,
    title={UNIVERSIDADES FEDERAIS NO ESTADO DE MINAS GERAIS: UM ESTUDO COMPARATIVO},
    author={Rodrigues, Fl{\'a}via Couto Ruback and Gava, Rodrigo},
    journal={REAd | Porto Alegre – Edição 83},
    year={2016},
    publisher={SciELO Brasil}
}

@article{siemens2013learning,
    title={Learning analytics: The emergence of a discipline},
    author={Siemens, George},
    journal={American Behavioral Scientist},
    keywords = {learning,programming,logs},
    year={2013},
    volume={57},
    number={10},
    pages={1380--1400},
    publisher={SAGE Publications Sage CA: Los Angeles, CA}
}

@inproceedings{silva2022previsao,
    title={Previsão de indicadores de dificuldade de questões de programação a partir de métricas do código de solução},
    author={Silva, Elrik Souza and Carvalho, Leandro SG and de Oliveira, David BF and Oliveira, Elaine HT and Lauschner, Tanara and de Lima, Marcos AP and Pereira, Filipe Dwan},
    organization={SBC},
    keywords = {},	
    year={2022},
    booktitle={Anais do XXXIII Simpósio Brasileiro de Informática na Educação},
    pages={859--870}
	
}

@inproceedings{educomp,
    author = {Jackson Fernandes and Leandro Carvalho and David Oliveira and Elaine Oliveira and Filipe Pereira and Tanara Lauschner},
    title = { Correlação Entre Complexidade e Dificuldade de Questões de Programação em Juízes Online},
    booktitle = {Anais do III Simpósio Brasileiro de Educação em Computação},
    location = {Evento Online},
    year = {2023},
    keywords = {},
    issn = {0000-0000},
    pages = {97--107},
    publisher = {SBC},
    address = {Porto Alegre, RS, Brasil},
    doi = {10.5753/educomp.2023.228217},
    url = {https://sol.sbc.org.br/index.php/educomp/article/view/23879}
}
@article{gu2022logging,
    title={Logging practices in software engineering: A systematic mapping study},
    author={Gu, Shenghui and Rong, Guoping and Zhang, He and Shen, Haifeng},
    journal={IEEE transactions on software engineering},
    volume={49},
    number={2},
    pages={902--923},
    year={2022},
    publisher={IEEE}
}

@article{santana2024aplicaccoes,
    title={Aplica{\c{c}}{\~o}es do processamento de linguagem natural no ambiente educacional: Uma revis{\~a}o sistem{\'a}tica da literatura},
    author={Santana, Fernanda Pereira and Magalh{\~a}es, Leandro Corr{\^e}a},
    journal={Revista Foco},
    volume={17},
    number={1},
    pages={e3921--e3921},
    year={2024}
}
@inproceedings{silva2022previsao,
    title={Previs{\~a}o de indicadores de dificuldade de quest{\~o}es de programa{\c{c}}{\~a}o a partir de m{\'e}tricas do c{\'o}digo de solu{\c{c}}{\~a}o},
    author={Silva, Elrik Souza and Carvalho, Leandro SG and de Oliveira, David BF and Oliveira, Elaine HT and Lauschner, Tanara and de Lima, Marcos AP and Pereira, Filipe Dwan},
    booktitle={Simp{\'o}sio Brasileiro de Inform{\'a}tica na Educa{\c{c}}{\~a}o (SBIE)},
    pages={859--870},
    year={2022},
    organization={SBC}
}

@inproceedings{umezawa2020analysis,
    title={Analysis of logic errors utilizing a large amount of file history during programming learning},
    author={Umezawa, Katsuyuki and Nakazawa, Makoto and Kobayashi, Manabu and Ishii, Yutaka and Nakano, Michiko and Hirasawa, Shigeichi},
    booktitle={2020 IEEE International Conference on Teaching, Assessment, and Learning for Engineering (TALE)},
    pages={630--634},
    year={2020},
    organization={IEEE}
}

@article{neiva2016revisao,
    title={Revisao sistem{\'a}tica da literatura em ci{\^e}ncia da computa{\c{c}}ao um guia pr{\'a}tico},
    author={Neiva, Fr{\^a}ncila Weidt and da Silva, RL d S},
    journal={Universidade Federal de Juiz de Fora},
    year={2016}
}
